@article{wickham2011split,
  title={The split-apply-combine strategy for data analysis},
  author={Wickham, Hadley and others}
}
@inproceedings{Chaudhuri:1998:OQO:275487.275492,
 author = {Chaudhuri, Surajit},
 title = {An Overview of Query Optimization in Relational Systems},
 booktitle = {Proceedings of the Seventeenth ACM SIGACT-SIGMOD-SIGART Symposium on Principles of Database Systems},
 series = {PODS '98},
 year = {1998},
 isbn = {0-89791-996-3},
 location = {Seattle, Washington, USA},
 pages = {34--43},
 numpages = {10},
 url = {http://doi.acm.org/10.1145/275487.275492},
 doi = {10.1145/275487.275492},
 acmid = {275492},
 publisher = {ACM},
 address = {New York, NY, USA},
} 

